<collection xmlns="http://www.loc.gov/MARC21/slim">
<record>
  <leader>01228nam0a22002051i 450 </leader>
  <controlfield tag="001">IT\ICCU\CNCE\059077</controlfield>
  <controlfield tag="005">20060426000000.0</controlfield>
  <datafield tag="100" ind1=" " ind2=" ">
    <subfield code="a">20040909f1593        0itac0103    ba</subfield>
  </datafield>
  <datafield tag="101" ind1=" " ind2=" ">
    <subfield code="a">ITA</subfield>
  </datafield>
  <datafield tag="102" ind1=" " ind2=" ">
    <subfield code="a">IT</subfield>
  </datafield>
  <datafield tag="200" ind1="1" ind2=" ">
    <subfield code="a">Vincenzo per la gratia di Dio duca di Mantoua, et di Monferrato etc. Per che nelle date della cause ch&apos;occorrono pagarsi tanto  ̉giudici particolari quanto in  Camera nostra quale antiene la grauezza di pagare le prouisioni  ̉questo nostro Senato, et altri giudici siano meglio gouernate di quello che intendiamo, ... vogliamo che sia facolt ̉di detto Senato, et d&apos;altro giudice per le cause ciuili, ,̣ miste che non passano cinquanta scudi ... di terminarle senza pagare la data ordinaria, ma solo che intendiamo esser sin&apos;hore stilato, per visione d&apos;atti, et scritture</subfield>
  </datafield>
  <datafield tag="210" ind1=" " ind2=" ">
    <subfield code="a">In Trino</subfield>
    <subfield code="c">per Guglielmo Barberi</subfield>
    <subfield code="d">\1593?!</subfield>
  </datafield>
  <datafield tag="215" ind1=" " ind2=" ">
    <subfield code="a">1 manifesto</subfield>
    <subfield code="d">fol</subfield>
  </datafield>
  <datafield tag="300" ind1=" " ind2=" ">
    <subfield code="a">La data si ricava dal datum</subfield>
  </datafield>
  <datafield tag="620" ind1=" " ind2=" ">
    <subfield code="a">IT</subfield>
    <subfield code="d">Trino</subfield>
  </datafield>
  <datafield tag="710" ind1="0" ind2="2">
    <subfield code="a">Monferrato</subfield>
    <subfield code="c"> &lt;Ducato&gt;</subfield>
    <subfield code="3">7728</subfield>
  </datafield>
  <datafield tag="712" ind1="0" ind2="0">
    <subfield code="a">Barbieri, Guglielmo</subfield>
    <subfield code="3">IT\ICCU\CNCT\005944</subfield>
    <subfield code="4">650</subfield>
  </datafield>
  <datafield tag="791" ind1="0" ind2="0">
    <subfield code="a">Barberi, Guglielmo</subfield>
    <subfield code="3">IT\ICCU\CNCT\005945</subfield>
    <subfield code="z">Barbieri, Guglielmo</subfield>
  </datafield>
  <datafield tag="801" ind1=" " ind2="3">
    <subfield code="a">IT</subfield>
    <subfield code="b">ICCU</subfield>
    <subfield code="c">20201115</subfield>
  </datafield>
  <datafield tag="899" ind1=" " ind2=" ">
    <subfield code="a">Biblioteca dell&apos;Archivio di Stato di Torino. Torino</subfield>
    <subfield code="1">TO0321</subfield>
    <subfield code="2">TO0 71</subfield>
  </datafield>
</record>
</collection>
